@article{gitlab2022gitlab,
  title={Gitlab},
  author={GitLab, BV},
  journal={The One DevOps Platform},
  year={2022}
}
@article{choudhury2020gitlab,
  title={GitLab: work where you want, when you want},
  author={Choudhury, Prithwiraj and Crowston, Kevin and Dahlander, Linus and Minervini, Marco S and Raghuram, Sumita},
  journal={Journal of Organization Design},
  volume={9},
  pages={1--17},
  year={2020},
  publisher={Springer}
}
@inproceedings{safari2020analysis,
  title={An analysis of GitLab's users and projects networks},
  author={Safari, Hadi and Sabri, Nazanin and Shahsavan, Faraz and Bahrak, Behnam},
  booktitle={2020 10th International Symposium onTelecommunications (IST)},
  pages={194--200},
  year={2020},
  organization={IEEE}
}
@article{safari2020structural,
  title={Structural Analysis of GitLab's Users and Projects Networks},
  author={Safari, Hadi and Sabri, Nazanin and Shahsavan, Faraz and Bahrak, Behnam},
  journal={International Journal of Information and Communication Technology Research},
  volume={12},
  number={2},
  pages={54--62},
  year={2020},
  publisher={International Journal of Information and Communication Technology Research}
}
@inproceedings{fairbanks2023analyzing,
  title={Analyzing the Effects of CI/CD on Open Source Repositories in GitHub and GitLab},
  author={Fairbanks, Jeffrey and Tharigonda, Akshharaa and Eisty, Nasir U},
  booktitle={2023 IEEE/ACIS 21st International Conference on Software Engineering Research, Management and Applications (SERA)},
  pages={176--181},
  year={2023},
  organization={IEEE}
}